%% This BibTeX bibliography file was created using BibDesk.
%% http://bibdesk.sourceforge.net/


%% Created for 咲衣憧 at 2015-05-16 19:44:30 +0800 


%% Saved with string encoding Unicode (UTF-8) 



@article{datacomp,
  Author = {Lelewer, Debra A and Hirschberg, Daniel S},
  Date-Added = {2015-05-16 11:38:24 +0000},
  Date-Modified = {2015-05-16 11:38:24 +0000},
  Journal = {ACM Computing Surveys (CSUR)},
  Number = {3},
  Pages = {261--296},
  Publisher = {ACM},
  Title = {Data compression},
  Volume = {19},
  Year = {1987}}

@article{itdc,
  Address = {Computer Science Department, Carnegie Mellon University},
  Author = {Guy E. Blelloch},
  Date-Added = {2015-05-16 11:38:24 +0000},
  Date-Modified = {2015-05-16 11:38:24 +0000},
  Title = {Introduction to Data Compression},
  Year = {2001}}

@book{latexdeng,
  Address = {北京},
  Author = {邓建松 and 彭冉冉 and 陈长松},
  Date-Added = {2015-05-16 11:38:24 +0000},
  Date-Modified = {2015-05-16 11:38:24 +0000},
  Publisher = {科学出版社},
  Title = {\LaTeXe 科技排版指南},
  Year = {2001}}

@book{maic,
  Address = {北京},
  Author = {Kyle Loudon},
  Date-Added = {2015-05-16 11:37:49 +0000},
  Date-Modified = {2015-05-16 11:37:49 +0000},
  Publisher = {机械工业出版社},
  Title = {算法精解（C 语言描述）},
  Year = {2012}}

@misc{huffmanc,
  Author = {Douglas Ryan Richardson},
  Date-Added = {2015-05-16 11:37:49 +0000},
  Date-Modified = {2015-05-16 11:37:49 +0000},
  Howpublished = {\url{https://github.com/drichardson/huffman}},
  Publisher = {Gauss Interprise, Inc},
  Title = {A huffman coding library and command line interface to the library}}

@article{huffman,
  Author = {Huffman, D.A.},
  Date-Added = {2015-05-16 11:37:49 +0000},
  Date-Modified = {2015-05-16 11:37:49 +0000},
  Doi = {10.1109/JRPROC.1952.273898},
  Issn = {0096-8390},
  Journal = {Proceedings of the IRE},
  Keywords = {Transmitters},
  Month = {Sept},
  Number = {9},
  Pages = {1098-1101},
  Title = {A Method for the Construction of Minimum-Redundancy Codes},
  Volume = {40},
  Year = {1952},
  Bdsk-Url-1 = {http://dx.doi.org/10.1109/JRPROC.1952.273898}}

@article{lzw,
  Author = {Welch, T.A.},
  Date-Added = {2015-05-16 11:37:49 +0000},
  Date-Modified = {2015-05-16 11:37:49 +0000},
  Doi = {10.1109/MC.1984.1659158},
  Issn = {0018-9162},
  Journal = {Computer},
  Keywords = {Compression algorithms;Data compression;Data structures;Encoding;Image coding;Programming profession;Runtime;System performance},
  Month = {June},
  Number = {6},
  Pages = {8-19},
  Title = {A Technique for High-Performance Data Compression},
  Volume = {17},
  Year = {1984},
  Bdsk-Url-1 = {http://dx.doi.org/10.1109/MC.1984.1659158}}

@article{lz77,
  Author = {Ziv, J. and Lempel, A.},
  Date-Added = {2015-05-16 11:37:49 +0000},
  Date-Modified = {2015-05-16 11:37:49 +0000},
  Doi = {10.1109/TIT.1977.1055714},
  Issn = {0018-9448},
  Journal = {Information Theory, IEEE Transactions on},
  Keywords = {Sequential coding;Source coding;Books;Compression algorithms;Data compression;Data processing;Displays;Information theory;Jacobian matrices;Telephony;Testing;Upper bound},
  Month = {May},
  Number = {3},
  Pages = {337-343},
  Title = {A universal algorithm for sequential data compression},
  Volume = {23},
  Year = {1977},
  Bdsk-Url-1 = {http://dx.doi.org/10.1109/TIT.1977.1055714}}

@article{lz78,
  Author = {Ziv, J. and Lempel, A.},
  Date-Added = {2015-05-16 11:37:49 +0000},
  Date-Modified = {2015-05-16 11:37:49 +0000},
  Doi = {10.1109/TIT.1978.1055934},
  Issn = {0018-9448},
  Journal = {Information Theory, IEEE Transactions on},
  Keywords = {Source coding;Variable-rate coding;Algorithm design and analysis;Approximation algorithms;Digital signatures;Educational institutions;Entropy;Jacobian matrices;Laboratories;Notice of Violation;Public key cryptography;Time sharing computer systems},
  Month = {Sep},
  Number = {5},
  Pages = {530-536},
  Title = {Compression of individual sequences via variable-rate coding},
  Volume = {24},
  Year = {1978},
  Bdsk-Url-1 = {http://dx.doi.org/10.1109/TIT.1978.1055934}}

@book{linuxmnl,
  Address = {北京},
  Author = {Michael Kerrisk},
  Date-Added = {2015-05-16 11:37:49 +0000},
  Date-Modified = {2015-05-16 11:37:49 +0000},
  Publisher = {人民邮电出版社},
  Title = {Linux/UNIX 系统编程手册（上、下册）},
  Year = {2014}}

@book{mg,
  Address = {San Francisco},
  Author = {Ian H. Witten and Alistair Moffat and Timothy C. Bell},
  Date-Added = {2015-05-16 11:37:49 +0000},
  Date-Modified = {2015-05-16 11:37:49 +0000},
  Edtion = {Second Edition},
  Howpublished = {\url{http://ww2.cs.mu.oz.au/~alistair/mg/}},
  Publisher = {Morgan Kaufmann Publishing},
  Title = {Managing Gigabytes: Compressing and Indexing Documents and Images},
  Year = {1999}}

@book{apppc_c,
  Address = {北京},
  Author = {Robert C. Martin and Micah Martin},
  Date-Added = {2015-05-16 11:37:20 +0000},
  Date-Modified = {2015-05-16 11:37:20 +0000},
  Publisher = {人民邮电出版社},
  Title = {敏捷软件开发：原则、模式与实践（C\#版）},
  Year = {2013}}

@book{proc_c,
  Address = {北京},
  Author = {Marc Gregoire and Nicholas A. Solter and Scott J. Kleper},
  Date-Added = {2015-05-16 11:37:20 +0000},
  Date-Modified = {2015-05-16 11:37:20 +0000},
  Edition = {2},
  Publisher = {清华大学出版社},
  Title = {C++ 高级编程},
  Year = {2012}}

@book{cppp,
  Author = {Stanley B. Lippman and Jos{\'e}e Lajoie and Barbara E. Moo},
  Date-Added = {2015-05-16 11:37:20 +0000},
  Date-Modified = {2015-05-16 11:37:20 +0000},
  Edition = {5},
  Publisher = {Addison-Wesley Professional},
  Title = {C++ Primer},
  Year = {2012}}

@book{cpppp,
  Author = {Stephen Prata},
  Date-Added = {2015-05-16 11:37:20 +0000},
  Date-Modified = {2015-05-16 11:37:20 +0000},
  Edition = {6},
  Publisher = {Addison-Wesley Professional},
  Title = {C++ Primer Plus},
  Year = {2011}}

@misc{cplusplus.com,
  Date-Added = {2015-05-16 11:37:20 +0000},
  Date-Modified = {2015-05-16 11:37:20 +0000},
  Title = {\url{http://www.cplusplus.com/}}}

@book{clrs,
  Address = {London, England},
  Author = {Thomas H. Cormen and Charles E. Leiserson and Ronald L. Rivest and Clifford Stein},
  Date-Added = {2015-05-16 11:37:20 +0000},
  Date-Modified = {2015-05-16 11:37:20 +0000},
  Edition = {3},
  Publisher = {The MIT Press},
  Title = {Introduction to Algorithms},
  Year = {2009}}

@book{cpplang,
  Author = {Bjarne Stroustrup},
  Date-Added = {2015-05-16 11:37:20 +0000},
  Date-Modified = {2015-05-16 11:37:20 +0000},
  Edition = {4},
  Publisher = {Addison-Wesley Professional},
  Title = {The C++ Programming Language},
  Year = {2013}}

@book{tpp,
  Author = {Andrew Hunt and David Thomas},
  Date-Added = {2015-05-16 11:37:20 +0000},
  Date-Modified = {2015-05-16 11:37:20 +0000},
  Publisher = {Addison Wesley Longman},
  Title = {The Pragmatic Programmer},
  Year = {2000}}

@book{vc_c,
  Address = {北京},
  Author = {Ivor Horton},
  Date-Added = {2015-05-16 11:37:20 +0000},
  Date-Modified = {2015-05-16 11:37:20 +0000},
  Edition = {6},
  Publisher = {清华大学出版社},
  Title = {Visual C++ 2012 入门经典},
  Year = {2013}}

@book{modc,
  Author = {Robert Strandh},
  Publisher = {\url{http://dept-info.labri.u-bordeaux.fr/~idurand/enseignement/PFS/Common/Strandh-Tutorial/reuse.pdf}},
  Title = {Modular C: How to Write Reusable and Maintainable Code using the C Language.},
  Year = {1994}}

@book{dpatt_c,
  Address = {北京},
  Edition = {2},
  Editor = {徐言生},
  Publisher = {人民邮电出版社},
  Title = {设计模式解析：第二版（修订版）},
  Year = {2013}}

@book{krc_c,
  Address = {北京},
  Edition = {2},
  Editor = {Brian W. Kernighan and Dennis M. Ritchie},
  Publisher = {机械工业出版社},
  Title = {C 程序设计语言},
  Year = {2004}}

@book{sys_grow,
  Address = {北京},
  Author = {李先静},
  Publisher = {人民邮电出版社},
  Title = {系统程序员成长计划},
  Year = {2010}}

@book{dinterface,
  Address = {北京},
  Author = {Jenifer Tidwell and De Dream},
  Publisher = {电子工业出版社},
  Title = {界面设计模式},
  Year = {2013}}

@book{dpatt,
  Author = {Alan Shalloway and James R. Trott},
  Edition = {2},
  Publisher = {Pearson Education},
  Title = {Design Patterns Explained: A New Perspective on Object-Oriented Design},
  Year = {2005}}

@book{clrs_c,
  Address = {北京},
  Edition = {3},
  Editor = {殷建平 and 徐云 and 王刚 and 刘晓光 and 苏明 and 邹恒明 and 王宏志},
  Publisher = {机械工业出版社},
  Title = {算法导论（第三版）},
  Year = {2012}}

@book{taocp,
  Author = {Knuth, Donald Ervin},
  Publisher = {Pearson Education},
  Title = {The Art Of Computer Programming},
  Year = {1968--2011}}

@book{taocp_c,
  Address = {北京},
  Author = {高德纳},
  Publisher = {国防工业出版社},
  Title = {计算机程序设计艺术},
  Year = {1992--2010}}

@misc{wylinux,
  Author = {王垠},
  Title = {完全用~Linux~工作},
  Year = {2004}}
