@article{huffman,
  author={Huffman, D.A.}, 
  journal={Proceedings of the IRE}, 
  title={A Method for the Construction of Minimum-Redundancy Codes}, 
  year={1952}, 
  month={Sept}, 
  volume={40}, 
  number={9}, 
  pages={1098-1101}, 
  keywords={Transmitters}, 
  doi={10.1109/JRPROC.1952.273898}, 
  ISSN={0096-8390}
}
@article{lz77,
  author={Ziv, J. and Lempel, A.}, 
  journal={Information Theory, IEEE Transactions on}, 
  title={A universal algorithm for sequential data compression}, 
  year={1977}, 
  month={May}, 
  volume={23}, 
  number={3}, 
  pages={337-343}, 
  keywords={Sequential coding;Source coding;Books;Compression algorithms;Data compression;Data processing;Displays;Information theory;Jacobian matrices;Telephony;Testing;Upper bound}, 
  doi={10.1109/TIT.1977.1055714}, 
  ISSN={0018-9448}
}
@article{lz78,
  author={Ziv, J. and Lempel, A.}, 
  journal={Information Theory, IEEE Transactions on}, 
  title={Compression of individual sequences via variable-rate coding}, 
  year={1978}, 
  month={Sep}, 
  volume={24}, 
  number={5}, 
  pages={530-536}, 
  keywords={Source coding;Variable-rate coding;Algorithm design and analysis;Approximation algorithms;Digital signatures;Educational institutions;Entropy;Jacobian matrices;Laboratories;Notice of Violation;Public key cryptography;Time sharing computer systems}, 
  doi={10.1109/TIT.1978.1055934}, 
  ISSN={0018-9448},
}
@article{lzw,
  author={Welch, T.A.}, 
  journal={Computer}, 
  title={A Technique for High-Performance Data Compression}, 
  year={1984}, 
  month={June}, 
  volume={17}, 
  number={6}, 
  pages={8-19}, 
  keywords={Compression algorithms;Data compression;Data structures;Encoding;Image coding;Programming profession;Runtime;System performance}, 
  doi={10.1109/MC.1984.1659158}, 
  ISSN={0018-9162},
}

@misc{huffmanc,
  title={A huffman coding library and command line interface to the library},
  author={Douglas Ryan Richardson},
  publisher={Gauss Interprise, Inc},
  howpublished={\url{https://github.com/drichardson/huffman}},
}

@article{datacomp,
  title={Data compression},
  author={Lelewer, Debra A and Hirschberg, Daniel S},
  journal={ACM Computing Surveys (CSUR)},
  volume={19},
  number={3},
  pages={261--296},
  year={1987},
  publisher={ACM}
}

@article{itdc,
  title={Introduction to Data Compression},
  author={Guy E. Blelloch},
  address={Computer Science Department, Carnegie Mellon University},
  year={2001},
}

@book{mg,
  title={Managing Gigabytes: Compressing and Indexing Documents and Images},
  author={Ian H. Witten and Alistair Moffat and Timothy C. Bell},
  edtion={Second Edition},
  publisher={Morgan Kaufmann Publishing},
  howpublished={\url{http://ww2.cs.mu.oz.au/~alistair/mg/}},
  address={San Francisco},
  year={1999}
}

@book{clrs,
  title={算法导论},
  author={Thomas H. Cormen and Charles E. Leiserson and Ronald L. Rivest and Clifford Stein},
  edtion={第三版},
  publisher={机械工业出版社},
  address={北京},
  year={2012}
}

@book{maic,
  title={算法精解（C 语言描述）},
  author={Kyle Loudon},
  publisher={机械工业出版社},
  address={北京},
  year={2012}
}

@book{taocp,
  title={The Art Of Computer Programming},
  author={Knuth, Donald Ervin},
  year={1968--2011},
  publisher={Pearson Education}
}
@book{ctaocp,
  title={计算机程序设计艺术},
  author={高德纳},
  year={1992--2010},
  publisher={国防工业出版社},
  address={北京}
}

@book{latexdeng,
  title={\LaTeXe 科技排版指南},
  author={邓建松 and 彭冉冉 and 陈长松},
  year={2001},
  publisher={科学出版社},
  address={北京}
}

@book{linuxmnl,
  title={Linux/UNIX 系统编程手册（上、下册）},
  author={Michael Kerrisk},
  year={2014},
  publisher={人民邮电出版社},
  address={北京}
}
