@book{modc,
  title={Modular C: How to Write Reusable and Maintainable Code using the C Language.},
  author={Robert Strandh},
  year={1994},
  publisher={\url{http://dept-info.labri.u-bordeaux.fr/~idurand/enseignement/PFS/Common/Strandh-Tutorial/reuse.pdf}}
}

@book{dpatt_c,
  title={设计模式解析},
  editor={徐言生},
  edition={2},
  publisher={人民邮电出版社},
  address={北京},
  year={2013}
}

@book{dpatt,
  title={Design Patterns Explained: A New Perspective on Object-Oriented Design},
  author={Alan Shalloway and James R. Trott},
  edition={2},
  publisher={Pearson Education},
  address={},
  year={2005}
}

@book{clrs_c,
  title={算法导论},
  editor={XXX},
  edition={3},
  publisher={机械工业出版社},
  address={北京},
  year={2012}
}

@book{clrs,
  title={Introduction to Algorithms},
  author={Thomas H. Cormen and Charles E. Leiserson and Ronald L. Rivest and Clifford Stein},
  edition={3},
  publisher={The MIT Press},
  address={London, England},
  year={2009}
}

@book{taocp,
  title={The Art Of Computer Programming},
  author={Knuth, Donald Ervin},
  year={1968--2011},
  publisher={Pearson Education}
}

@book{taocp_c,
  title={计算机程序设计艺术},
  author={高德纳},
  year={1992--2010},
  publisher={国防工业出版社},
  address={北京}
}

@book{latexdeng,
  title={\LaTeXe 科技排版指南},
  author={邓建松 and 彭冉冉 and 陈长松},
  year={2001},
  publisher={科学出版社},
  address={北京}
}

@book{linuxmnl,
  title={Linux/UNIX 系统编程手册},
  author={Michael Kerrisk},
  year={2014},
  publisher={人民邮电出版社},
  address={北京}
}
