@misc{cplusplus.com,
  title={\url{http://www.cplusplus.com/}},
}

@book{cpplang,
  title={The C++ Programming Language},
  author={Bjarne Stroustrup},
  edition={4},
  publisher={Addison-Wesley Professional},
  year={2013}
}

@book{cppp,
  title={C++ Primer},
  author={Stanley B. Lippman and Josée Lajoie and Barbara E. Moo},
  edition={5},
  publisher={Addison-Wesley Professional},
  year={2012}
}

@book{cpppp,
  title={C++ Primer Plus},
  author={Stephen Prata},
  edition={6},
  publisher={Addison-Wesley Professional},
  year={2011}
}

@book{proc_c,
  title={C++ 高级编程},
  author={Marc Gregoire and Nicholas A. Solter and Scott J. Kleper},
  edition={2},
  publisher={清华大学出版社},
  address={北京},
  year={2012}
}

@book{vc_c,
  title={Visual C++ 2012 入门经典},
  author={Ivor Horton},
  edition={6},
  publisher={清华大学出版社},
  address={北京},
  year={2013}
}

@book{dpatt_c,
  title={设计模式解析},
  author={Alan Shalloway and James R. Trott},
  edition={2},
  publisher={人民邮电出版社},
  address={北京},
  year={2013}
}

@book{apppc_c,
  title={敏捷软件开发：原则、模式与实践（C\#版）},
  author={Robert C. Martin and Micah Martin},
  publisher={人民邮电出版社},
  address={北京},
  year={2013}
}

@book{tpp,
  title={The Pragmatic Programmer},
  author={Andrew Hunt and David Thomas},
  publisher={Addison Wesley Longman},
  year={2000}
}

@book{clrs,
  title={Introduction to Algorithms},
  author={Thomas H. Cormen and Charles E. Leiserson and Ronald L. Rivest and Clifford Stein},
  edition={3},
  publisher={The MIT Press},
  address={London, England},
  year={2009}
}

@book{taocp,
  title={The Art Of Computer Programming},
  author={Knuth, Donald Ervin},
  year={1968--2011},
  publisher={Pearson Education}
}

@book{latexdeng,
  title={\LaTeXe 科技排版指南},
  author={邓建松 and 彭冉冉 and 陈长松},
  year={2001},
  publisher={科学出版社},
  address={北京}
}
