@article{datacomp,
  title={Data compression},
  author={Lelewer, Debra A and Hirschberg, Daniel S},
  journal={ACM Computing Surveys (CSUR)},
  volume={19},
  number={3},
  pages={261--296},
  year={1987},
  publisher={ACM}
}

@article{itdc,
  title={Introduction to Data Compression},
  author={Guy E. Blelloch},
  address={Computer Science Department, Carnegie Mellon University},
  year={2001},
}

@book{clrs,
  title={算法导论},
  author={Thomas H. Cormen and Charles E. Leiserson and Ronald L. Rivest and Clifford Stein},
  edtion={第三版},
  publisher={机械工业出版社},
  year={2012}
}

@book{taocp,
  title={The Art Of Computer Programming},
  author={Knuth, Donald Ervin},
  year={1968--2011},
  publisher={Pearson Education}
}
@book{ctaocp,
  title={计算机程序设计艺术},
  author={高德纳},
  year={1992--2010},
  publisher={国防工业出版社}
}

@book{latexdeng,
  title={\LaTeXe 科技排版指南},
  author={邓建松 and 彭冉冉 and 陈长松},
  year={2001},
  publisher={科学出版社}
}
@book{latexhuwei,
  title={\LaTeXe 完全学习手册},
  author={胡伟},
  year={2011},
  publisher={清华大学出版社}
}
