@book{dpatt_c,
  title={设计模式解析：第二版（修订版）},
  editor={徐言生},
  edition={2},
  publisher={人民邮电出版社},
  address={北京},
  year={2013}
}

@book{clrs,
  title={Introduction to Algorithms (Third Edition)},
  author={Thomas H. Cormen and Charles E. Leiserson and Ronald L. Rivest and Clifford Stein},
  edition={3},
  publisher={The MIT Press},
  address={London, England},
  year={2009}
}

@book{taocp,
  title={The Art Of Computer Programming},
  author={Knuth, Donald Ervin},
  year={1968--2011},
  publisher={Pearson Education}
}

@book{latexdeng,
  title={\LaTeXe 科技排版指南},
  author={邓建松 and 彭冉冉 and 陈长松},
  year={2001},
  publisher={科学出版社},
  address={北京}
}
